<record><leader>00000cas a22000007a 4500</leader><controlfield tag="001">22286912</controlfield><controlfield tag="008">900828d184u184unyuwr ne      0    0eng d</controlfield><datafield ind1=" " ind2=" " tag="010"><subfield code="a">sn 90066166 </subfield></datafield><datafield ind1=" " ind2=" " tag="040"><subfield code="a">NYS</subfield><subfield code="b">eng</subfield><subfield code="c">NYS</subfield><subfield code="d">OCL</subfield><subfield code="d">OCLCQ</subfield><subfield code="d">OCLCF</subfield><subfield code="d">OCLCO</subfield></datafield><datafield ind1=" " ind2=" " tag="042"><subfield code="a">msc</subfield></datafield><datafield ind1=" " ind2=" " tag="043"><subfield code="a">n-us-ny</subfield></datafield><datafield ind1="0" ind2=" " tag="130"><subfield code="a">Owego gazette (Owego, N.Y. : 1842)</subfield></datafield><datafield ind1="1" ind2="0" tag="245"><subfield code="a">Owego gazette.</subfield></datafield><datafield ind1=" " ind2=" " tag="260"><subfield code="a">Owego, N.Y. :</subfield><subfield code="b">Thomas Woods</subfield></datafield><datafield ind1=" " ind2=" " tag="300"><subfield code="a">v.</subfield></datafield><datafield ind1=" " ind2=" " tag="310"><subfield code="a">Weekly</subfield></datafield><datafield ind1=" " ind2=" " tag="500"><subfield code="a">Published at the same time as: Owego gazette (Owego, N.Y. : 1814).</subfield></datafield><datafield ind1=" " ind2=" " tag="515"><subfield code="a">Uses numbering of: Owego gazette (Owego, N.Y. : 1814).</subfield></datafield><datafield ind1=" " ind2=" " tag="588"><subfield code="a">Description based on: Vol. 29, no. 26 (Oct. 28, 1842).</subfield></datafield><datafield ind1=" " ind2=" " tag="588"><subfield code="a">Latest issue consulted: Vol. 29, no. 37 (Jan. 13, 1843).</subfield></datafield><datafield ind1=" " ind2="0" tag="651"><subfield code="a">Owego (N.Y.)</subfield><subfield code="v">Newspapers.</subfield></datafield><datafield ind1=" " ind2="7" tag="655"><subfield code="a">Newspapers.</subfield><subfield code="2">fast</subfield><subfield code="0">(OCoLC)fst01423814</subfield></datafield><datafield ind1=" " ind2="7" tag="651"><subfield code="a">New York (State)</subfield><subfield code="z">Owego.</subfield><subfield code="2">fast</subfield><subfield code="0">(OCoLC)fst01213044</subfield></datafield><datafield ind1=" " ind2=" " tag="752"><subfield code="a">United States</subfield><subfield code="b">New York</subfield><subfield code="c">Tioga</subfield><subfield code="d">Owego.</subfield></datafield></record>